<?xml version="1.0" encoding="UTF-8"?><collection xmlns="http://www.loc.gov/MARC21/slim"><record><leader>00444nam--2200121-i-4500</leader><controlfield tag="001">000043833</controlfield><controlfield tag="002">20161230</controlfield><controlfield tag="005">20161230201044</controlfield><controlfield tag="008">060222s1000------------r-----000-0-eng-d</controlfield><datafield ind1=" " ind2=" " tag="080"><subfield code="a">025.3(498)</subfield></datafield><datafield ind1=" " ind2=" " tag="245"><subfield code="a">Studiu privind utilizarea indexarii coordonate de catre unitatile de informare documentara din tara noastra si eficienta instrumentelor de lucru specifice elaborate in cadrul acestora</subfield></datafield><datafield ind1=" " ind2=" " tag="260"><subfield code="a">Bucuresti, I.D.T., 1974, 130p</subfield></datafield><datafield ind1=" " ind2=" " tag="852"><subfield code="a">41225</subfield></datafield></record></collection>